%% This BibTeX bibliography file was created using BibDesk.
%% http://bibdesk.sourceforge.net/


%% Created for Gopal Menon at 2015-11-06 17:59:10 -0700 


%% Saved with string encoding Unicode (UTF-8) 



@url{slamcourse,
	Author = {Stachniss, Cyrill},
	Date-Added = {2015-11-07 00:56:04 +0000},
	Date-Modified = {2015-11-07 00:57:52 +0000},
	Title = {SLAM Course - WS13/14},
	Urldate = {https://www.youtube.com/ playlist?list=PLgnQpQtFTOGQrZ4O5QzbIHgl3b1JHimN_}}

@book{probrob,
	Author = {Thrun,Sebastian,WolframBurgard,andDieterFox},
	Date-Added = {2015-11-07 00:54:14 +0000},
	Date-Modified = {2015-11-07 00:55:33 +0000},
	Publisher = {MIT Press},
	Title = {Probabilistic Robotics},
	Year = {2005}}

@article{slam2,
	Author = {Bailey, T., and H. Durrant-Whyte},
	Date-Added = {2015-11-07 00:51:15 +0000},
	Date-Modified = {2015-11-07 00:54:04 +0000},
	Journal = {IEEE Robotics & Automation Magazine},
	Month = {September},
	Number = {3},
	Pages = {108-17},
	Title = {Simultaneous Localization and Mapping (SLAM): Part II},
	Volume = {13},
	Year = {2006}}

@article{slam1,
	Author = {Durrant-Whyte, H., and T. Bailey},
	Date-Added = {2015-11-07 00:47:35 +0000},
	Date-Modified = {2015-11-07 00:51:11 +0000},
	Journal = {IEEE Robotics & Automation Magazine},
	Month = {June},
	Number = {2},
	Pages = {99-100},
	Title = {Simultaneous Localization and Mapping: Part I},
	Volume = {13},
	Year = {2006}}
